% Encoding: UTF-8

@Article{Hayes2012,
  author    = {Brian Hayes},
  title     = {Spiel mit dem Zufall},
  journal   = {Spektrum der Wissenschaft},
  year      = {2012},
  month     = {Februar},
  keywords  = {Zufall},
  owner     = {theo},
  timestamp = {2014.08.15},
}

@Article{LEcuyer1999,
  author    = {Pierre L'Ecuyer},
  title     = {Good Parameters and Implementations for Combined Multiple Recursive Random Number Generators},
  journal   = {Operations Research},
  year      = {1999},
  number    = {1},
  pages     = {159-164},
  volume    = {47},
  month     = {Januar},
  owner     = {theo},
  timestamp = {2014.10.14},
}

@Book{Afflerbach1986,
  author    = {L. Afflerbach and J. Lehn (Hrsg.)},
  title     = {Kolloquium über Zufallszahlen und Simulationen},
  year      = {1986},
  publisher = {B.G. Teubner Stuttgart},
  keywords  = {Zufall},
  owner     = {theo},
  timestamp = {2014.08.13},
}

@Book{Brandt2013,
  author    = {Siegmund Brandt},
  title     = {Datenanalyse für Naturwissenschaftler und Ingenieure},
  year      = {2013},
  publisher = {Springer-Verlag, Berlin Heidelberg},
  keywords  = {Zufall},
  owner     = {theo},
  timestamp = {2014.09.05},
}

@Book{fota11,
  author    = {Werner Durandi and Baoswan Dzung Wong and Markus Kriener and Hans-Rudolf Künsch and Alfred Vogelsanger and Samuel Byland and Klemens Koch and Andreas Bartlome and Michael Bleichenbacher and Hans Roth},
  title     = {Formeln, Tabellen, Begriffe, Mathematik - Physik - Chemie},
  year      = {2011},
  publisher = {Orell Füssli Verlag AG, Zürich},
  owner     = {theo},
  timestamp = {2014.11.21},
}

@Book{Freimann2011,
  author    = {Phillip Gressly Freimann and Martin Guggisberg},
  title     = {Programmieren lernen, Aufgaben für den Informatikunterricht},
  year      = {2011},
  publisher = {Orell Füssli Verlag AG, Zürich},
  owner     = {theo},
  timestamp = {2014.09.26},
}

@Book{Gellert1974,
  author    = {W. Gellert and H. Küstner and M. Hellwich and H. Kästner},
  title     = {Mathematik Ratgeber},
  year      = {1974},
  publisher = {Verlag Harri Deutsch, Zürich und Frankfurt/Main},
  keywords  = {Zufall},
  owner     = {theo},
  timestamp = {2014.08.13},
}

@Book{Haertel1994,
  author    = {Frank Härtel},
  title     = {Zufallszahlen für Simulationsmodelle, Vergleich und Bewertung verschiedener Zufallsgeneratoren},
  year      = {1994},
  publisher = {Difo-Druck GmbH, Bamberg},
  keywords  = {Zufall},
  owner     = {theo},
  timestamp = {2014.08.13},
}

@Book{Knuth1998,
  author    = {Donald Ervin Knuth},
  title     = {The Art of Computer Programming, Vol. 2 Seminumerical Algorithms},
  year      = {1998},
  publisher = {Addison-Wesley, Reading, Massachusetts},
  owner     = {theo},
  timestamp = {2014.09.17},
}

@Book{Kolonko2008,
  author    = {Michael Kolonko},
  title     = {Stochastische Simulationen},
  year      = {2008},
  publisher = {Vieweg+Teubner, Wiesbaden},
  keywords  = {Zufall},
  owner     = {theo},
  timestamp = {2014.09.05},
}

@Book{Theis2014,
  author    = {Thomas Theis},
  title     = {Einstieg in Python},
  year      = {2014},
  publisher = {Galileo Press, Bonn},
  owner     = {theo},
  timestamp = {2014.10.01},
}

@Book{Wappis2008,
  author    = {Johann Wappis and Berndt Jung},
  title     = {Taschenbuch Null-Fehler-Management, Umsetzung von Six Sigma},
  year      = {2008},
  publisher = {Carl Hanser Verlag München Wien},
  keywords  = {Zufall},
  owner     = {theo},
  timestamp = {2014.08.29},
}

@Book{Zielinski1978,
  author    = {Ryszard Zielinski},
  title     = {Erzeugung von Zufallszahlen, Programmierung und Test auf Digitalrechnern},
  year      = {1978},
  publisher = {VEB Fachbuchverlag Leipzig},
  keywords  = {Zufall},
  owner     = {theo},
  timestamp = {2014.08.13},
}

@Booklet{Alexopoulos2009,
  author       = {Christos Alexopoulos and Dave Goldsman},
  title        = {Generating Uniform Random Numbers},
  year         = {2009},
  howpublished = {Präsentation},
  url          = {www2.isye.gatech.edu/ ~sman/ courses/ 6644/ Module06-RandomNumberGenerationSlides_090606.pdf},
  urldate      = {2015.03.02},
  bdsk-url-1   = {www2.isye.gatech.edu/%20~sman/%20courses/%206644/%20Module06-RandomNumberGenerationSlides_090606.pdf},
  file         = {:home/theo/Dokumente/Schule/Maturarbeit/Module06-RandomNumberGenerationSlides_090606.pdf:PDF},
  month        = {Juli},
  owner        = {theo},
  timestamp    = {2014.10.01},
}

@Booklet{maKSA,
  author    = {{{KSA Luzern}}},
  title     = {Maturaarbeit KSA},
  year      = {2017},
  url       = {https://ksalpenquai.lu.ch/dokumente/maturaarbeit},
  urldate   = {2019-11-10},
  owner     = {cva},
  timestamp = {2019.11.06},
}

@Booklet{wiki:python,
  author     = {Wikipedia},
  title      = {Python},
  year       = {2014},
  url        = {https://de.wikipedia.org/wiki/Python_(Programmiersprache)},
  urldate    = {2014-08-15},
  bdsk-url-1 = {https://de.wikipedia.org/wiki/Python_(Programmiersprache)},
  keywords   = {Zufall},
  owner      = {theo},
  timestamp  = {2014.08.15},
}

@Booklet{Gärtner,
  author    = {Wikipedia},
  title     = {Gärtnerkonstruktion},
  year      = {1850},
  url       = {https://de.wikipedia.org/wiki/Gärtnerkonstruktion},
  urldate   = {2019-11-10},
  owner     = {cva},
  timestamp = {2019.11.10},
}

@Misc{Baumeister2011,
  author       = {Johann Baumeister and Tania Garfias Macedo},
  title        = {Von den Zufallszahlen und ihrem Gebrauch},
  year         = {2011},
  howpublished = {http://tinyurl.com/baumeister2011},
  organization = {Juniorakademie},
  month        = {August},
  journal      = {PDF},
  keywords     = {Zufall},
  owner        = {theo},
  timestamp    = {2014.08.13},
}

@Misc{SwisslosInterkantonaleLandeslotterie2014,
  author       = {{Interkantonale Landeslotterie, Basel} Swisslos},
  title        = {Gezogene Lottozahlen seit 1970},
  year         = {2014},
  howpublished = {Persönlich zugeschickt},
  month        = {1. Oktober},
  owner        = {theo},
  timestamp    = {2014.10.02},
}

@Misc{cva,
  author        = {Christoph {von Arx}},
  title         = {Excel-Makro zur Lokalisierung von Chipdefekten, leicht modifiziert},
  year          = {2010},
  howpublished  = {privat},
  month         = {April},
  date-modified = {2015-04-18 16:38:23 +0000},
  owner         = {theo},
  timestamp     = {2014.12.28},
}

@Comment{jabref-meta: databaseType:biblatex;}
